%---------- BIB
@BOOK{ bookname,
	author =    {Rossi, Carlo},
	publisher = "{Tempor felis}",
	title =     "{Eget dolor tempus}",
	year =      {2000}
}